@misc{madzinovadualne,
	author = "Romana Hricová, Renáta Madzinová",
	title = "Duálne vzdelávanie ako nástroj zlepšenia štrukturálneho nesúladu na trhu práce",
	howpublished = "\url{https://relik.vse.cz/2018/download/pdf/178-Hricova-Romana-paper.pdf}",
}